@article{need2009next,
  title={Next generation disparities in human genomics: concerns and remedies},
  author={Need, Anna C and Goldstein, David B},
  journal={Trends in Genetics},
  volume={25},
  number={11},
  pages={489--494},
  year={2009},
  publisher={Elsevier}
}

@article{popejoy2016genomics,
  title={Genomics is failing on diversity},
  author={Popejoy, Alice B and Fullerton, Stephanie M},
  journal={Nature News},
  volume={538},
  number={7624},
  pages={161},
  year={2016}
}

@article{peterson2019genome,
  title={Genome-wide association studies in ancestrally diverse populations: opportunities, methods, pitfalls, and recommendations},
  author={Peterson, Roseann E and Kuchenbaecker, Karoline and Walters, Raymond K and Chen, Chia-Yen and Popejoy, Alice B and Periyasamy, Sathish and Lam, Max and Iyegbe, Conrad and Strawbridge, Rona J and Brick, Leslie and others},
  journal={Cell},
  volume={179},
  number={3},
  pages={589--603},
  year={2019},
  publisher={Elsevier}
}

@article{martin2017human,
  title={Human demographic history impacts genetic risk prediction across diverse populations},
  author={Martin, Alicia R and Gignoux, Christopher R and Walters, Raymond K and Wojcik, Genevieve L and Neale, Benjamin M and Gravel, Simon and Daly, Mark J and Bustamante, Carlos D and Kenny, Eimear E},
  journal={The American Journal of Human Genetics},
  volume={100},
  number={4},
  pages={635--649},
  year={2017},
  publisher={Elsevier}
}

@article{pasaniuc2011enhanced,
  title={Enhanced statistical tests for GWAS in admixed populations: assessment using African Americans from CARe and a Breast Cancer Consortium},
  author={Pasaniuc, Bogdan and Zaitlen, Noah and Lettre, Guillaume and Chen, Gary K and Tandon, Arti and Kao, WH Linda and Ruczinski, Ingo and Fornage, Myriam and Siscovick, David S and Zhu, Xiaofeng and others},
  journal={PLoS Genet},
  volume={7},
  number={4},
  pages={e1001371},
  year={2011},
  publisher={Public Library of Science}
}

@article{zaitlen2010leveraging,
  title={Leveraging genetic variability across populations for the identification of causal variants},
  author={Zaitlen, Noah and Pa{\c{s}}aniuc, Bogdan and Gur, Tom and Ziv, Elad and Halperin, Eran},
  journal={The American Journal of Human Genetics},
  volume={86},
  number={1},
  pages={23--33},
  year={2010},
  publisher={Elsevier}
}

@article{vilhjalmsson2015modeling,
  title={Modeling linkage disequilibrium increases accuracy of polygenic risk scores},
  author={Vilhj{\'a}lmsson, Bjarni J and Yang, Jian and Finucane, Hilary K and Gusev, Alexander and Lindstr{\"o}m, Sara and Ripke, Stephan and Genovese, Giulio and Loh, Po-Ru and Bhatia, Gaurav and Do, Ron and others},
  journal={The american journal of human genetics},
  volume={97},
  number={4},
  pages={576--592},
  year={2015},
  publisher={Elsevier}
}

@article{carlson2013generalization,
  title={Generalization and dilution of association results from European GWAS in populations of non-European ancestry: the PAGE study},
  author={Carlson, Christopher S and Matise, Tara C and North, Kari E and Haiman, Christopher A and Fesinmeyer, Megan D and Buyske, Steven and Schumacher, Fredrick R and Peters, Ulrike and Franceschini, Nora and Ritchie, Marylyn D and others},
  journal={PLoS Biol},
  volume={11},
  number={9},
  pages={e1001661},
  year={2013},
  publisher={Public Library of Science}
}

@article{martin2019clinical,
  title={Clinical use of current polygenic risk scores may exacerbate health disparities},
  author={Martin, Alicia R and Kanai, Masahiro and Kamatani, Yoichiro and Okada, Yukinori and Neale, Benjamin M and Daly, Mark J},
  journal={Nature genetics},
  volume={51},
  number={4},
  pages={584--591},
  year={2019},
  publisher={Nature Publishing Group}
}

@article{shimodaira2000improving,
  title={Improving predictive inference under covariate shift by weighting the log-likelihood function},
  author={Shimodaira, Hidetoshi},
  journal={Journal of statistical planning and inference},
  volume={90},
  number={2},
  pages={227--244},
  year={2000},
  publisher={Elsevier}
}

@article{sheather1991reliable,
  title={A reliable data-based bandwidth selection method for kernel density estimation},
  author={Sheather, Simon J and Jones, Michael C},
  journal={Journal of the Royal Statistical Society: Series B (Methodological)},
  volume={53},
  number={3},
  pages={683--690},
  year={1991},
  publisher={Wiley Online Library}
}

@book{fishman2013monte,
  title={Monte Carlo: concepts, algorithms, and applications},
  author={Fishman, George},
  year={2013},
  publisher={Springer Science \& Business Media}
}

@article{sugiyama2010dimensionality,
  title={Dimensionality reduction for density ratio estimation in high-dimensional spaces},
  author={Sugiyama, Masashi and Kawanabe, Motoaki and Chui, Pui Ling},
  journal={Neural Networks},
  volume={23},
  number={1},
  pages={44--59},
  year={2010},
  publisher={Elsevier}
}

@article{kelleher2016efficient,
  title={Efficient coalescent simulation and genealogical analysis for large sample sizes},
  author={Kelleher, Jerome and Etheridge, Alison M and McVean, Gilean},
  journal={PLoS computational biology},
  volume={12},
  number={5},
  pages={e1004842},
  year={2016},
  publisher={Public Library of Science San Francisco, CA USA}
}

@article{gravel2011demographic,
  title={Demographic history and rare allele sharing among human populations},
  author={Gravel, Simon and Henn, Brenna M and Gutenkunst, Ryan N and Indap, Amit R and Marth, Gabor T and Clark, Andrew G and Yu, Fuli and Gibbs, Richard A and Bustamante, Carlos D and 1000 Genomes Project and others},
  journal={Proceedings of the National Academy of Sciences},
  volume={108},
  number={29},
  pages={11983--11988},
  year={2011},
  publisher={National Acad Sciences}
}

@book{pierce2012genetics,
  title={Genetics: A Conceptual Approach},
  author={Pierce, B.A.},
  isbn={9781429232524},
  lccn={2011293764},
  url={https://books.google.com/books?id=z4pXRaZAkdkC},
  year={2012},
  publisher={W. H. Freeman}
}

@book{ewens2012mathematical,
  title={Mathematical population genetics 1: theoretical introduction},
  author={Ewens, Warren J},
  volume={27},
  year={2012},
  publisher={Springer Science \& Business Media}
}

@article{wang2011dimension,
  title={Dimension reduction with gene expression data using targeted variable importance measurement},
  author={Wang, Hui and van der Laan, Mark J},
  journal={BMC bioinformatics},
  volume={12},
  number={1},
  pages={312},
  year={2011},
  publisher={Springer}
}

@article{wang2008approaches,
  title={Approaches to working in high-dimensional data spaces: gene expression microarrays},
  author={Wang, Y and Miller, David Jonathan and Clarke, R},
  journal={British journal of cancer},
  volume={98},
  number={6},
  pages={1023--1028},
  year={2008},
  publisher={Nature Publishing Group}
}

@article{jain2000statistical,
  title={Statistical pattern recognition: A review},
  author={Jain, Anil K and Duin, Robert P. W. and Mao, Jianchang},
  journal={IEEE Transactions on pattern analysis and machine intelligence},
  volume={22},
  number={1},
  pages={4--37},
  year={2000},
  publisher={Ieee}
}

@article{barshan2011supervised,
  title={Supervised principal component analysis: Visualization, classification and regression on subspaces and submanifolds},
  author={Barshan, Elnaz and Ghodsi, Ali and Azimifar, Zohreh and Jahromi, Mansoor Zolghadri},
  journal={Pattern Recognition},
  volume={44},
  number={7},
  pages={1357--1371},
  year={2011},
  publisher={Elsevier}
}

@inproceedings{gretton2005measuring,
  title={Measuring statistical dependence with Hilbert-Schmidt norms},
  author={Gretton, Arthur and Bousquet, Olivier and Smola, Alex and Sch{\"o}lkopf, Bernhard},
  booktitle={International conference on algorithmic learning theory},
  pages={63--77},
  year={2005},
  organization={Springer}
}

@article{ghojogh2019unsupervised,
  title={Unsupervised and supervised principal component analysis: Tutorial},
  author={Ghojogh, Benyamin and Crowley, Mark},
  journal={arXiv preprint arXiv:1906.03148},
  year={2019}
}

@book{fulton2013representation,
  title={Representation theory: a first course},
  author={Fulton, William and Harris, Joe},
  volume={129},
  year={2013},
  publisher={Springer Science \& Business Media}
}

@article{ghojogh2019eigenvalue,
  title={Eigenvalue and generalized eigenvalue problems: Tutorial},
  author={Ghojogh, Benyamin and Karray, Fakhri and Crowley, Mark},
  journal={arXiv preprint arXiv:1903.11240},
  year={2019}
}

@article{fisher1936use,
  title={The use of multiple measurements in taxonomic problems},
  author={Fisher, Ronald A},
  journal={Annals of eugenics},
  volume={7},
  number={2},
  pages={179--188},
  year={1936},
  publisher={Wiley Online Library}
}

@inproceedings{he2004locality,
  title={Locality preserving projections},
  author={He, Xiaofei and Niyogi, Partha},
  booktitle={Advances in neural information processing systems},
  pages={153--160},
  year={2004}
}

@article{belkin2003laplacian,
  title={Laplacian eigenmaps for dimensionality reduction and data representation},
  author={Belkin, Mikhail and Niyogi, Partha},
  journal={Neural computation},
  volume={15},
  number={6},
  pages={1373--1396},
  year={2003},
  publisher={MIT Press}
}

@article{tenenbaum2000global,
  title={A global geometric framework for nonlinear dimensionality reduction},
  author={Tenenbaum, Joshua B and De Silva, Vin and Langford, John C},
  journal={science},
  volume={290},
  number={5500},
  pages={2319--2323},
  year={2000},
  publisher={American Association for the Advancement of Science}
}

@article{roweis2000nonlinear,
  title={Nonlinear dimensionality reduction by locally linear embedding},
  author={Roweis, Sam T and Saul, Lawrence K},
  journal={science},
  volume={290},
  number={5500},
  pages={2323--2326},
  year={2000},
  publisher={American Association for t	he Advancement of Science}
}

@inproceedings{zelnik2005self,
  title={Self-tuning spectral clustering},
  author={Zelnik-Manor, Lihi and Perona, Pietro},
  booktitle={Advances in neural information processing systems},
  pages={1601--1608},
  year={2005}
}

@book{fukunaga2013introduction,
  title={Introduction to statistical pattern recognition},
  author={Fukunaga, Keinosuke},
  year={2013},
  publisher={Elsevier}
}

@article{sugiyama2007dimensionality,
  title={Dimensionality reduction of multimodal labeled data by local fisher discriminant analysis},
  author={Sugiyama, Masashi},
  journal={Journal of machine learning research},
  volume={8},
  number={May},
  pages={1027--1061},
  year={2007}
}

@article{friedman1989regularized,
  title={Regularized discriminant analysis},
  author={Friedman, Jerome H},
  journal={Journal of the American statistical association},
  volume={84},
  number={405},
  pages={165--175},
  year={1989},
  publisher={Taylor \& Francis}
}

@article{lee1999learning,
  title={Learning the parts of objects by non-negative matrix factorization},
  author={Lee, Daniel D and Seung, H Sebastian},
  journal={Nature},
  volume={401},
  number={6755},
  pages={788--791},
  year={1999},
  publisher={Nature Publishing Group}
}

@article{cai2017learning,
  title={Learning microbial community structures with supervised and unsupervised non-negative matrix factorization},
  author={Cai, Yun and Gu, Hong and Kenney, Toby},
  journal={Microbiome},
  volume={5},
  number={1},
  pages={110},
  year={2017},
  publisher={Springer}
}

@inproceedings{lee2001algorithms,
  title={Algorithms for non-negative matrix factorization},
  author={Lee, Daniel D and Seung, H Sebastian},
  booktitle={Advances in neural information processing systems},
  pages={556--562},
  year={2001}
}

@incollection{wilcoxon1992individual,
  title={Individual comparisons by ranking methods},
  author={Wilcoxon, Frank},
  booktitle={Breakthroughs in statistics},
  pages={196--202},
  year={1992},
  publisher={Springer}
}

@article{sugiyama2010density,
  title={Density ratio estimation: A comprehensive review (statistical experiment and its related topics)},
  author={Sugiyama, Masashi and Suzuki, Taiji and Kanamori, Takafumi},
  year={2010}
}

@article{gretton2009covariate,
  title={Covariate shift by kernel mean matching},
  author={Gretton, Arthur and Smola, Alex and Huang, Jiayuan and Schmittfull, Marcel and Borgwardt, Karsten and Sch{\"o}lkopf, Bernhard},
  journal={Dataset shift in machine learning},
  volume={3},
  number={4},
  pages={5},
  year={2009}
}

@article{kanamori2009condition,
  title={Condition number analysis of kernel-based density ratio estimation},
  author={Kanamori, Takafumi and Suzuki, Taiji and Sugiyama, Masashi},
  journal={arXiv preprint arXiv:0912.2800},
  year={2009}
}

@book{smola1998learning,
  title={Learning with kernels},
  author={Smola, Alex J and Sch{\"o}lkopf, Bernhard},
  volume={4},
  year={1998},
  publisher={Citeseer}
}

@article{tsuboi2009direct,
  title={Direct density ratio estimation for large-scale covariate shift adaptation},
  author={Tsuboi, Yuta and Kashima, Hisashi and Hido, Shohei and Bickel, Steffen and Sugiyama, Masashi},
  journal={Journal of Information Processing},
  volume={17},
  pages={138--155},
  year={2009},
  publisher={Information Processing Society of Japan}
}

@article{ghosh2020supervised,
  title={Supervised Dimensionality Reduction and Visualization using Centroid-encoder},
  author={Ghosh, Tomojit and Kirby, Michael},
  journal={arXiv preprint arXiv:2002.11934},
  year={2020}
}

@inproceedings{le2018supervised,
  title={Supervised autoencoders: Improving generalization performance with unsupervised regularizers},
  author={Le, Lei and Patterson, Andrew and White, Martha},
  booktitle={Advances in Neural Information Processing Systems},
  pages={107--117},
  year={2018}
}

@article{deng2013gene,
  title={Gene selection with guided regularized random forest},
  author={Deng, Houtao and Runger, George},
  journal={Pattern Recognition},
  volume={46},
  number={12},
  pages={3483--3489},
  year={2013},
  publisher={Elsevier}
}

@article{yamada2013relative,
  title={Relative density-ratio estimation for robust distribution comparison},
  author={Yamada, Makoto and Suzuki, Taiji and Kanamori, Takafumi and Hachiya, Hirotaka and Sugiyama, Masashi},
  journal={Neural computation},
  volume={25},
  number={5},
  pages={1324--1370},
  year={2013},
  publisher={MIT Press}
}

@article{stojanov2019low,
  title={Low-dimensional density ratio estimation for covariate shift correction},
  author={Stojanov, Petar and Gong, Mingming and Carbonell, Jaime G and Zhang, Kun},
  journal={Proceedings of machine learning research},
  volume={89},
  pages={3449},
  year={2019},
  publisher={NIH Public Access}
}

@inproceedings{cortes2008sample,
  title={Sample selection bias correction theory},
  author={Cortes, Corinna and Mohri, Mehryar and Riley, Michael and Rostamizadeh, Afshin},
  booktitle={International conference on algorithmic learning theory},
  pages={38--53},
  year={2008},
  organization={Springer}
}

@article{lello2018accurate,
  title={Accurate genomic prediction of human height},
  author={Lello, Louis and Avery, Steven G and Tellier, Laurent and Vazquez, Ana I and de Los Campos, Gustavo and Hsu, Stephen DH},
  journal={Genetics},
  volume={210},
  number={2},
  pages={477--497},
  year={2018},
  publisher={Genetics Soc America}
}

@article{de2010predicting,
  title={Predicting genetic predisposition in humans: the promise of whole-genome markers},
  author={De Los Campos, Gustavo and Gianola, Daniel and Allison, David B},
  journal={Nature Reviews Genetics},
  volume={11},
  number={12},
  pages={880--886},
  year={2010},
  publisher={Nature Publishing Group}
}

@article{damodaran2018fast,
  title={Fast Optimal Bandwidth Selection for RBF Kernel using Reproducing Kernel Hilbert Space Operators for Kernel Based Classifiers},
  author={Damodaran, Bharath Bhushan},
  journal={arXiv preprint arXiv:1804.05214},
  year={2018}
}

@Manual{turlach2007quadprog,
    title = {quadprog: Functions to Solve Quadratic Programming Problems},
    author = {Berwin A. Turlach, Andreas Weingessel, Cleve Moler},
    year = {2019},
    note = {R package version 1.5-8},
    url = {https://CRAN.R-project.org/package=quadprog},
  }


@Manual{bates999375matrix,
    title = {Matrix: Sparse and Dense Matrix Classes and Methods},
    author = {Douglas Bates, Martin Maechler},
    year = {2019},
    note = {R package version 1.2-18},
    url = {https://CRAN.R-project.org/package=Matrix},
  }
  
 @article{duong2007ks,
  title={ks: Kernel density estimation and kernel discriminant analysis for multivariate data in R},
  author={Duong, Tarn and others},
  journal={Journal of Statistical Software},
  volume={21},
  number={7},
  pages={1--16},
  year={2007}
}

@article{bycroft2018uk,
  title={The UK Biobank resource with deep phenotyping and genomic data},
  author={Bycroft, Clare and Freeman, Colin and Petkova, Desislava and Band, Gavin and Elliott, Lloyd T and Sharp, Kevin and Motyer, Allan and Vukcevic, Damjan and Delaneau, Olivier and O’Connell, Jared and others},
  journal={Nature},
  volume={562},
  number={7726},
  pages={203--209},
  year={2018},
  publisher={Nature Publishing Group}
}

@article{biobank2015genotyping,
  title={Genotyping and quality control of UK Biobank, a large-scale, extensively phenotyped prospective resource},
  author={Biobank, UK},
  journal={Available at biobank. ctsu. ox. ac. uk/crystal/docs/genotyping\_qc. pdf. Accessed April},
  volume={1},
  pages={2016},
  year={2015}
}

@article{voorman2012fast,
  title={Fast computation for genome-wide association studies using boosted one-step statistics},
  author={Voorman, Arend and Rice, Ken and Lumley, Thomas},
  journal={Bioinformatics},
  volume={28},
  number={14},
  pages={1818--1822},
  year={2012},
  publisher={Oxford University Press}
}

@inproceedings{li2010automatic,
  title={An automatic method for selecting the parameter of the RBF kernel function to support vector machines},
  author={Li, Cheng-Hsuan and Lin, Chin-Teng and Kuo, Bor-Chen and Chu, Hui-Shan},
  booktitle={2010 IEEE International Geoscience and Remote Sensing Symposium},
  pages={836--839},
  year={2010},
  organization={IEEE}
}

@article{higham2002computing,
  title={Computing the nearest correlation matrix—a problem from finance},
  author={Higham, Nicholas J},
  journal={IMA journal of Numerical Analysis},
  volume={22},
  number={3},
  pages={329--343},
  year={2002},
  publisher={OUP}
}

@article{canela2018atlas,
  title={An atlas of genetic associations in UK Biobank},
  author={Canela-Xandri, Oriol and Rawlik, Konrad and Tenesa, Albert},
  journal={Nature genetics},
  volume={50},
  number={11},
  pages={1593--1599},
  year={2018},
  publisher={Nature Publishing Group}
}

@article{regitz2012sex,
  title={Sex and gender differences in health: Science \& Society Series on Sex and Science},
  author={Regitz-Zagrosek, Vera},
  journal={EMBO reports},
  volume={13},
  number={7},
  pages={596--603},
  year={2012},
  publisher={John Wiley \& Sons, Ltd Chichester, UK}
}

@article{denton2004gender,
  title={Gender differences in health: a Canadian study of the psychosocial, structural and behavioural determinants of health},
  author={Denton, Margaret and Prus, Steven and Walters, Vivienne},
  journal={Social science \& medicine},
  volume={58},
  number={12},
  pages={2585--2600},
  year={2004},
  publisher={Elsevier}
}

@article{yuan2012improved,
  title={An improved glmnet for l1-regularized logistic regression},
  author={Yuan, Guo-Xun and Ho, Chia-Hua and Lin, Chih-Jen},
  journal={The Journal of Machine Learning Research},
  volume={13},
  pages={1999--2030},
  year={2012},
  publisher={JMLR. org}
}

@article{friedman2009glmnet,
  title={glmnet: Lasso and elastic-net regularized generalized linear models},
  author={Friedman, Jerome and Hastie, Trevor and Tibshirani, Rob},
  journal={R package version},
  volume={1},
  number={4},
  year={2009}
}

@article{yuan2010comparison,
  title={A comparison of optimization methods and software for large-scale l1-regularized linear classification},
  author={Yuan, Guo-Xun and Chang, Kai-Wei and Hsieh, Cho-Jui and Lin, Chih-Jen},
  journal={The Journal of Machine Learning Research},
  volume={11},
  pages={3183--3234},
  year={2010},
  publisher={JMLR. org}
}